@article{Weirich:systemd,
 author = {Weirich, Stephanie and Voizard, Antoine and de Amorim, Pedro Henrique Avezedo and Eisenberg, Richard A.},
 title = {A Specification for Dependent Types in Haskell},
 journal = {Proc. ACM Program. Lang.},
 issue_date = {September 2017},
 volume = {1},
 number = {ICFP},
 month = aug,
 year = {2017},
 issn = {2475-1421},
 pages = {31:1--31:29},
 articleno = {31},
 numpages = {29},
 url = {http://doi.acm.org/10.1145/3110275},
 doi = {10.1145/3110275},
 acmid = {3110275},
 publisher = {ACM},
 address = {New York, NY, USA},
 keywords = {Dependent Types, Haskell},
}


@INPROCEEDINGS{SchaeferEtAl:2015:Autosubst:-Reasoning,
  title = {Autosubst: Reasoning with de Bruijn Terms and Parallel Substitutions},
  author = {Steven Sch{\"a}fer and Tobias Tebbi and Gert Smolka},
  year = {2015},
  month = {Aug},
  editor = {Xingyuan Zhang and Christian Urban},
  publisher = {Springer-Verlag},
  booktitle = {Interactive Theorem Proving - 6th International Conference, {ITP} 2015, Nanjing, China, August 24-27, 2015},
  series = {LNAI},
}

@inproceedings{keuchel2016needle,
  title={Needle \& Knot: Binder boilerplate tied up},
  author={Keuchel, Steven and Weirich, Stephanie and Schrijvers, Tom},
  booktitle={European Symposium on Programming Languages and Systems},
  pages={419--445},
  year={2016},
  organization={Springer}
}