% Encoding: UTF-8



@InProceedings{type-classes,
  Title                    = {How to Make ad-hoc Polymorphism Less ad-hoc},
  Author                   = {Philip Wadler and
 Stephen Blott},
  Booktitle                = {POPL},
  Year                     = {1989},
  Pages                    = {60-76},

  Bibsource                = {DBLP, http://dblp.uni-trier.de},
  Crossref                 = {DBLP:conf/popl/1989},
  Ee                       = {http://doi.acm.org/10.1145/75277.75283},
  Owner                    = {rae},
  Timestamp                = {2015.05.08}
}

@InProceedings{popl-roles,
  Title                    = {Generative type abstraction and type-level computation},
  Author                   = {Stephanie Weirich and
 Dimitrios Vytiniotis and
 Simon {Peyton Jones} and
 Steve Zdancewic},
  Booktitle                = {POPL},
  Year                     = {2011},
  Publisher                = {ACM},

  Bibsource                = {DBLP, http://dblp.uni-trier.de},
  Crossref                 = {DBLP:conf/popl/2011},
  Ee                       = {http://doi.acm.org/10.1145/1926385.1926411},
  Owner                    = {rae},
  Timestamp                = {2015.05.07}
}

@InBook{augustsson-compiling-pattern-matching,
  Title                    = {Compiling pattern matching},
  Author                   = {Augustsson, Lennart},
  Editor                   = {Jouannaud, Jean-Pierre},
  Pages                    = {368--381},
  Publisher                = {Springer Berlin Heidelberg},
  Year                     = {1985},

  Address                  = {Berlin, Heidelberg},

  Booktitle                = {Functional Programming Languages and Computer Architecture: Nancy, France, September 16--19, 1985},
  Doi                      = {10.1007/3-540-15975-4_48},
  ISBN                     = {978-3-540-39677-2},
  Url                      = {http://dx.doi.org/10.1007/3-540-15975-4_48}
}

@InProceedings{cayenne,
  Title                    = {Cayenne---a language with dependent types},
  Author                   = {Augustsson, Lennart},
  Booktitle                = {Proc. ACM SIGPLAN International Conference on Functional Programming},
  Year                     = {1998},
  Pages                    = {239--250},
  Publisher                = {ACM},
  Series                   = {ICFP '98},

  Keywords                 = {dependent types, language design, module systems, type systems},
  Location                 = {Baltimore, Maryland, United States},
  Numpages                 = {12},
  Owner                    = {rae},
  Timestamp                = {2015.05.08}
}

@PhdThesis{clash,
  Title                    = {Digital Circuits in {C{\greektext l}ash}: Functional Specification and Type-Directed Synthesis},
  Author                   = {Christiaan P. R. Baaij},
  School                   = {University of Twente},
  Year                     = {2015},

  Owner                    = {rae},
  Timestamp                = {2015.05.08}
}

@InProceedings{typing-dynamic-typing,
  Title                    = {Typing dynamic typing},
  Author                   = {Baars, Arthur I. and Swierstra, S. Doaitse},
  Booktitle                = {Proc. 7th ACM SIGPLAN International Conference on Functional Programming},
  Year                     = {2002},
  Pages                    = {157--166},
  Publisher                = {ACM},
  Series                   = {ICFP '02},

  Keywords                 = {Haskell, Leibnitz' rule, coercions, dynamic typing, quantified types, static typing, type equality, typed interpreters},
  Location                 = {Pittsburgh, PA, USA},
  Numpages                 = {10},
  Owner                    = {rae},
  Timestamp                = {2015.05.08}
}

@InProceedings{generics-with-closed-type-families,
  Title                    = {Composing and Decomposing Data Types: A Closed Type Families Implementation of Data Types \`a La Carte},
  Author                   = {Bahr, Patrick},
  Booktitle                = {Workshop on Generic Programming},
  Year                     = {2014},
  Publisher                = {ACM}
}

@Article{barendregt-lambda-cube,
  Title                    = {Introduction to generalized type systems},
  Author                   = {Barendregt, Henk},
  Journal                  = {J. Funct. Program.},
  Year                     = {1991},
  Number                   = {2},
  Pages                    = {125--154},
  Volume                   = {1}
}

@InProceedings{bernardy-dependent-types,
  Title                    = {Parametricity and dependent types},
  Author                   = {Bernardy, Jean-Philippe and Jansson, Patrik and Paterson, Ross},
  Booktitle                = {Proc. 15th ACM SIGPLAN International Conference on Functional Programming},
  Year                     = {2010},
  Pages                    = {345--356},
  Publisher                = {ACM},
  Series                   = {ICFP '10},

  Keywords                 = {abstraction theorem, free theorems, pure type system},
  Location                 = {Baltimore, Maryland, USA},
  Numpages                 = {12},
  Owner                    = {rae},
  Timestamp                = {2015.05.08}
}

@Article{bird-debruijn,
  Title                    = {{de Bruijn notation as a nested datatype}},
  Author                   = {Bird, Richard S. and Paterson, Ross},
  Journal                  = {J. Funct. Program.},
  Year                     = {1999},

  Month                    = jan,
  Number                   = {1},
  Pages                    = {77--91},
  Volume                   = {9},

  Address                  = {New York, NY, USA},
  Issue_date               = {January 1999},
  Numpages                 = {15},
  Owner                    = {rae},
  Publisher                = {Cambridge University Press},
  Timestamp                = {2015.05.08}
}

@InProceedings{algebraic-effects,
  Title                    = {Programming and Reasoning with Algebraic Effects and Dependent Types},
  Author                   = {Brady, Edwin},
  Booktitle                = {International Conference on Functional Programming},
  Year                     = {2013},
  Publisher                = {ACM}
}

@Article{idris,
  Title                    = {Idris, a general-purpose dependently typed programming language: {D}esign and implementation},
  Author                   = {Brady,Edwin},
  Journal                  = {J.~Funct.~Prog.},
  Year                     = {2013},
  Volume                   = {23},

  Owner                    = {rae},
  Timestamp                = {2015.05.07}
}

@InCollection{erasing-indices,
  Title                    = {Inductive Families Need Not Store Their Indices},
  Author                   = {Brady, Edwin and McBride, Conor and McKinna, James},
  Booktitle                = {Types for Proofs and Programs},
  Year                     = {2004},
  Editor                   = {Berardi, Stefano and Coppo, Mario and Damiani, Ferruccio},
  Series                   = {Lecture Notes in Computer Science},
  Volume                   = {3085}
}

@Article{safe-coercions-jfp,
  author    = {Breitner, Joachim and Eisenberg, Richard A. and Peyton Jones, Simon and Weirich, Stephanie},
  title     = {Safe Zero-cost Coercions for {H}askell},
  journal   = {J. Funct. Program.},
  year      = {2016},
  volume    = {26},
  pages     = {1--79},
  owner     = {rae},
  timestamp = {2016.06.27},
}

@InProceedings{safe-coercions,
  Title                    = {Safe Zero-cost Coercions for {H}askell},
  Author                   = {Breitner, Joachim and Eisenberg, Richard A. and Peyton Jones, Simon and Weirich, Stephanie},
  Booktitle                = {International Conference on Functional Programming},
  Year                     = {2014},
  Publisher                = {ACM},
  Series                   = {ICFP '14},

  Acmid                    = {2628141},
  Keywords                 = {coercion, haskell, newtype deriving, type class},
  Location                 = {Gothenburg, Sweden},
  Owner                    = {rae},
  Timestamp                = {2015.05.07}
}

@TechReport{safe-coercions-extended,
  Title                    = {Safe Zero-cost Coercions for {H}askell (extended version)},
  Author                   = {Breitner, Joachim and Eisenberg, Richard A. and {Peyton Jones}, Simon and Weirich, Stephanie},
  Institution              = {University of Pennsylvania},
  Year                     = {2014},
  Number                   = {MS-CIS-14-07},

  Owner                    = {rae},
  Timestamp                = {2015.05.07}
}

@InProceedings{haskelldb,
  Title                    = {Student paper: {HaskellDB} improved},
  Author                   = {Bringert, Bj\"{o}rn and H\"{o}ckersten, Anders and Andersson, Conny and Andersson, Martin and Bergman, Mary and Blomqvist, Victor and Martin, Torbj\"{o}rn},
  Booktitle                = {Proc. 2004 ACM SIGPLAN workshop on Haskell},
  Year                     = {2004},
  Pages                    = {108--115},
  Publisher                = {ACM},
  Series                   = {Haskell '04},

  Keywords                 = {SQL, databases, extensible records, haskell},
  Location                 = {Snowbird, Utah, USA},
  Numpages                 = {8},
  Owner                    = {rae},
  Timestamp                = {2015.05.08}
}

@Article{debruijn,
  Title                    = {Lambda calculus notation with nameless dummies, a tool for automatic formula manipulation, with application to the Church-Rosser theorem},
  Author                   = {de Bruijn, Nicolaas Govert},
  Journal                  = {Indagationes Mathematicae (Proceedings)},
  Year                     = {1972},
  Number                   = {5},
  Pages                    = {381â€“392},
  Volume                   = {75},

  __markedentry            = {[rae:6]},
  Doi                      = {10.1016/1385-7258(72)90034-0},
  ISSN                     = {1385-7258},
  Owner                    = {rae},
  Publisher                = {Elsevier BV},
  Timestamp                = {2015.05.08},
  Url                      = {http://dx.doi.org/10.1016/1385-7258(72)90034-0}
}

@InProceedings{hlio,
  Title                    = {{HLIO}: Mixing Static and Dynamic Typing for Information-Flow Control in {Haskell}},
  Author                   = {Buiras, Pablo and Vytiniotis, Dimitrios and Russo, Alejandro},
  Booktitle                = {International Conference on Functional Programming},
  Year                     = {2015},
  Publisher                = {ACM},
  Series                   = {ICFP '15},

  Location                 = {Vancouver, British Columbia, Canada}
}

@Article{finally-tagless,
  Title                    = {Finally tagless, partially evaluated: Tagless staged
 interpreters for simpler typed languages},
  Author                   = {Carette, Jacques and Kiselyov, Oleg and Shan,
 Chung-chieh},
  Journal                  = {J. Funct. Program.},
  Year                     = {2009},

  Month                    = sep,
  Number                   = {5},
  Pages                    = {509--543},
  Volume                   = {19},

  Address                  = {New York, NY, USA},
  Issue_date               = {September 2009},
  Numpages                 = {35},
  Owner                    = {rae},
  Publisher                = {Cambridge University Press},
  Timestamp                = {2015.05.08}
}

@InProceedings{trellys,
  Title                    = {Step-Indexed Normalization for a Language with General
 Recursion},
  Author                   = {Casinghino, Chris and Sj\"oberg, Vilhelm and Weirich,
 Stephanie},
  Booktitle                = {{\rm Proc. 4th Workshop on} Mathematically Structured
 Functional Programming, {\rm Tallinn, Estonia}},
  Year                     = {2012},
  Pages                    = {25-39},

  Owner                    = {rae},
  Timestamp                = {2015.05.08}
}

@InProceedings{chak1,
  Title                    = {Associated Type Synonyms},
  Author                   = {Chakravarty, Manuel M. T. and Keller, Gabriele and {Peyton Jones}, Simon},
  Booktitle                = {International Conference on Functional Programming},
  Year                     = {2005},
  Publisher                = {ACM},
  Series                   = {ICFP '05},

  Acmid                    = {1086397},
  Keywords                 = {associated types, generic programming, type classes, type functions, type inference},
  Location                 = {Tallinn, Estonia},
  Owner                    = {rae},
  Timestamp                = {2015.05.07}
}

@InProceedings{chak2,
  Title                    = {Associated Types with Class},
  Author                   = {Manuel M. T. Chakravarty and Gabriele Keller and Simon {Peyton Jones} and Simon Marlow},
  Booktitle                = {ACM SIGPLAN-SIGACT Symposium on Principles of Programming Languages},
  Year                     = {2005},

  Owner                    = {rae},
  Timestamp                = {2015.05.08}
}

@InProceedings{xi-ats,
  Title                    = {Combining programming with theorem proving},
  Author                   = {Chen, Chiyan and Xi, Hongwei},
  Booktitle                = {Proc. 10th ACM SIGPLAN International Conference on Functional Programming},
  Year                     = {2005},
  Pages                    = {66--77},
  Publisher                = {ACM},
  Series                   = {ICFP '05},

  Keywords                 = {ATS, applied type system, dependent types, proof erasure, theorem proving},
  Location                 = {Tallinn, Estonia},
  Numpages                 = {12},
  Owner                    = {rae},
  Timestamp                = {2015.05.08}
}

@TechReport{cheney-gadts,
  Title                    = {First-Class Phantom Types},
  Author                   = {Cheney, James and Hinze, Ralf},
  Institution              = {Cornell University},
  Year                     = {2003},

  Owner                    = {rae},
  Timestamp                = {2015.05.08}
}

@InProceedings{lightweight-generics,
  Title                    = {A lightweight implementation of generics and dynamics},
  Author                   = {Cheney, James and Hinze, Ralf},
  Booktitle                = {Proc. 2002 ACM SIGPLAN workshop on Haskell},
  Year                     = {2002},
  Pages                    = {90--104},
  Publisher                = {ACM},
  Series                   = {Haskell '02},

  Keywords                 = {dynamic typing, generic programming, type representations},
  Location                 = {Pittsburgh, Pennsylvania},
  Numpages                 = {15},
  Owner                    = {rae},
  Timestamp                = {2015.05.08}
}

@InCollection{subtyping-without-distributivity,
  Title                    = {Polymorphic subtyping without distributivity},
  Author                   = {Chrz\k{a}szcz, Jacek},
  Booktitle                = {Mathematical Foundations of Computer Science 1998},
  Publisher                = {Springer Berlin Heidelberg},
  Year                     = {1998},
  Editor                   = {Brim, Lubo\v{s} and Gruska, Jozef and Zlatu\v{s}ka, Ji\v{r}\'{\i}},
  Pages                    = {346-355},
  Series                   = {Lecture Notes in Computer Science},
  Volume                   = {1450},

  Language                 = {English}
}

@InProceedings{mini-ml,
  Title                    = {A Simple Applicative Language: {Mini-ML}},
  Author                   = {Cl{\'e}ment, Dominique and Despeyroux, Thierry and Kahn, Gilles and Despeyroux, Jo\"{e}lle},
  Booktitle                = {Conference on LISP and Functional Programming},
  Year                     = {1986},
  Publisher                = {ACM},
  Series                   = {LFP '86},

  Location                 = {Cambridge, Massachusetts, USA}
}

@InCollection{low-level-dependent-types,
  Title                    = {Dependent types for low-level programming},
  Author                   = {Condit, Jeremy and Harren, Matthew and Anderson, Zachary and Gay, David and Necula, George C.},
  Booktitle                = {Proc. 16th European conference on Programming},
  Year                     = {2007},

  Address                  = {Berlin, Heidelberg},
  Pages                    = {520--535},
  Series                   = {ESOP'07},

  Location                 = {Braga, Portugal},
  Numpages                 = {16},
  Owner                    = {rae},
  Timestamp                = {2015.05.08}
}

@Manual{coq,
  Title                    = {The {C}oq proof assistant reference manual},
  Author                   = {{Coq development team}},
  Note                     = {Version 8.0},
  Organization             = {LogiCal Project},
  Year                     = {2004},

  Owner                    = {rae},
  Timestamp                = {2015.05.08},
  Url                      = {http://coq.inria.fr}
}

@Article{coquand-cc,
  Title                    = {The calculus of constructions},
  Author                   = {Thierry Coquand and G\'erard Huet},
  Journal                  = {Information and Computation},
  Year                     = {1988},
  Number                   = {2},
  Pages                    = {95 - 120},
  Volume                   = {76},

  Doi                      = {http://dx.doi.org/10.1016/0890-5401(88)90005-3},
  ISSN                     = {0890-5401},
  Url                      = {http://www.sciencedirect.com/science/article/pii/0890540188900053}
}

@InProceedings{weirich:popcron,
  Title                    = {Resource bound certification},
  Author                   = {Crary, Karl and Weirich, Stephnie},
  Booktitle                = {Proc. 27th ACM SIGPLAN-SIGACT symposium on Principles of programming languages},
  Year                     = {2000},
  Pages                    = {184--198},
  Publisher                = {ACM},
  Series                   = {POPL '00},

  Location                 = {Boston, MA, USA},
  Numpages                 = {15},
  Owner                    = {rae},
  Timestamp                = {2015.05.08}
}

@MastersThesis{dagit-thesis,
  Title                    = {{Type-correct changes -- a safe approach to version control implementation}},
  Author                   = {Dagit, Jason},
  School                   = {Oregon State University},
  Year                     = {2009},
  Month                    = mar,

  Citeulike-article-id     = {7293491},
  Day                      = {20},
  Key                      = {dagit2009:thesis},
  Keywords                 = {darcs, gadt, haskell, patches},
  Owner                    = {rae},
  Posted-at                = {2010-06-11 22:20:16},
  Priority                 = {2},
  Timestamp                = {2015.05.08}
}

@PhdThesis{damas-thesis,
  Title                    = {Type Assignment in Programming Languages},
  Author                   = {Luis Damas},
  School                   = {University of Edinburgh},
  Year                     = {1985},

  Owner                    = {rae},
  Timestamp                = {2015.05.08}
}

@InProceedings{damas-milner,
  Title                    = {Principal Type-schemes for Functional Programs},
  Author                   = {Damas, Luis and Milner, Robin},
  Booktitle                = {Symposium on Principles of Programming Languages},
  Year                     = {1982},
  Publisher                = {ACM},
  Series                   = {POPL '82},

  Location                 = {Albuquerque, New Mexico}
}

@InProceedings{davies-intersection-types,
  Title                    = {Intersection Types and Computational Effects},
  Author                   = {Davies, Rowan and Pfenning, Frank},
  Booktitle                = {Proceedings of the Fifth ACM SIGPLAN International Conference on Functional Programming},
  Year                     = {2000},

  Address                  = {New York, NY, USA},
  Pages                    = {198--208},
  Publisher                = {ACM},
  Series                   = {ICFP '00},

  Acmid                    = {351259},
  Doi                      = {10.1145/351240.351259},
  ISBN                     = {1-58113-202-6},
  Numpages                 = {11},
  Url                      = {http://doi.acm.org/10.1145/351240.351259}
}

@InProceedings{ironclad-cpp,
  Title                    = {Ironclad {C++}: A Library-augmented Type-safe Subset of {C++}},
  Author                   = {DeLozier, Christian and Eisenberg, Richard A. and Nagarakatte, Santosh and Osera, Peter-Michael and Martin, Milo M. K. and Zdancewic, Steve},
  Booktitle                = {International Conference on Object Oriented Programming Systems Languages \& Applications},
  Year                     = {2013},
  Publisher                = {ACM},
  Series                   = {OOPSLA '13}
}

@InProceedings{abductive-error-diagnosis,
  Title                    = {Automated Error Diagnosis Using Abductive Inference},
  Author                   = {Dillig, Isil and Dillig, Thomas and Aiken, Alex},
  Booktitle                = {Conference on Programming Language Design and Implementation},
  Year                     = {2012},
  Publisher                = {ACM},
  Series                   = {PLDI '12}
}

@InProceedings{van-doorn-explicit-convertibility-proofs,
  Title                    = {Explicit Convertibility Proofs in Pure Type Systems},
  Author                   = {van Doorn, Floris and Geuvers, Herman and Wiedijk, Freek},
  Booktitle                = {Proceedings of the Eighth ACM SIGPLAN International Workshop on Logical Frameworks and Meta-languages: Theory and Practice},
  Year                     = {2013},

  Address                  = {New York, NY, USA},
  Pages                    = {25--36},
  Publisher                = {ACM},
  Series                   = {LFMTP '13},

  Acmid                    = {2503890},
  Doi                      = {10.1145/2503887.2503890},
  ISBN                     = {978-1-4503-2382-6},
  Keywords                 = {conversion rule, convertibility proofs, coq, formalisation, pure type systems, type theory},
  Location                 = {Boston, Massachusetts, USA},
  Numpages                 = {12},
  Url                      = {http://doi.acm.org/10.1145/2503887.2503890}
}

@InProceedings{type-schemes-modules,
  Title                    = {Principal Type Schemes for Modular Programs},
  Author                   = {Dreyer, Derek and Blume, Matthias},
  Booktitle                = {Proceedings of the 16th European Conference on Programming},
  Year                     = {2007},
  Publisher                = {Springer-Verlag},
  Series                   = {ESOP'07}
}

@InProceedings{modular-type-classes,
  Title                    = {Modular type classes},
  Author                   = {Dreyer, Derek and Harper, Robert and Chakravarty, Manuel M. T. and Keller, Gabriele},
  Booktitle                = {Proc. 34th annual ACM SIGPLAN-SIGACT symposium on Principles of Programming Languages},
  Year                     = {2007},
  Pages                    = {63--70},
  Publisher                = {ACM},
  Series                   = {POPL '07},

  Keywords                 = {modules, type classes, type inference, type systems},
  Location                 = {Nice, France},
  Numpages                 = {8},
  Owner                    = {rae},
  Timestamp                = {2015.05.08}
}

@Unpublished{bidirectional-existentials,
  Title                    = {Sound and Complete Bidirectional Typechecking for Higher-Rank Polymorphism with Existentials and Indexed Types},
  Author                   = {Joshua Dunfield and Neelakantan R. Krishnaswami},
  Year                     = {2016},

  Owner                    = {rae},
  Timestamp                = {2016.01.24},
  Url                      = {http://arxiv.org/pdf/1601.05106v1.pdf}
}

@InProceedings{simple-bidirectional,
  Title                    = {Complete and Easy Bidirectional Typechecking for Higher-rank Polymorphism},
  Author                   = {Dunfield, Joshua and Krishnaswami, Neelakantan R.},
  Booktitle                = {International Conference on Functional Programming},
  Year                     = {2013},
  Publisher                = {ACM},
  Series                   = {ICFP '13}
}

@InProceedings{tridirectional-typechecking,
  Title                    = {Tridirectional Typechecking},
  Author                   = {Dunfield, Joshua and Pfenning, Frank},
  Booktitle                = {Proceedings of the 31st ACM SIGPLAN-SIGACT Symposium on Principles of Programming Languages},
  Year                     = {2004},

  Address                  = {New York, NY, USA},
  Pages                    = {281--292},
  Publisher                = {ACM},
  Series                   = {POPL '04},

  Acmid                    = {964025},
  Doi                      = {10.1145/964001.964025},
  ISBN                     = {1-58113-729-X},
  Keywords                 = {dependent types, intersection types, type refinements, union types},
  Location                 = {Venice, Italy},
  Numpages                 = {12},
  Url                      = {http://doi.acm.org/10.1145/964001.964025}
}

@TechReport{ghc-core-spec,
  Title                    = {System {FC}, as implemented in {GHC}},
  Author                   = {Eisenberg, Richard A.},
  Institution              = {University of Pennsylvania},
  Year                     = {2015},
  Number                   = {MS-CIS-15-09},

  Owner                    = {rae},
  Timestamp                = {2016.06.28},
  Url                      = {https://github.com/ghc/ghc/blob/master/docs/core-spec/core-spec.pdf}
}

@TechReport{overabundance-of-equalities,
  Title                    = {An Overabundance of Equality: Implementing Kind Equalities into Haskell},
  Author                   = {Eisenberg, Richard A.},
  Institution              = {University of Pennsylvania},
  Year                     = {2015},
  Number                   = {MS-CIS-15-10},

  Owner                    = {rae},
  Timestamp                = {2015.05.27},
  Url                      = {http://www.cis.upenn.edu/~eir/papers/2015/equalities/equalities.pdf}
}

@InProceedings{promoting-type-families,
  Title                    = {Promoting Functions to Type Families in {H}askell},
  Author                   = {Richard A. Eisenberg and Jan Stolarek},
  Booktitle                = {ACM SIGPLAN Haskell Symposium},
  Year                     = {2014},

  Owner                    = {rae},
  Timestamp                = {2015.05.08}
}

@TechReport{promoting-type-families-extended,
  Title                    = {Promoting Functions to Type Families in {H}askell (extended version)},
  Author                   = {Richard A. Eisenberg and Jan Stolarek},
  Institution              = {University of Pennsylvania},
  Year                     = {2014},
  Number                   = {MS-CIS-14-09},

  Owner                    = {rae},
  Timestamp                = {2015.05.08}
}

@InProceedings{closed-type-families,
  Title                    = {Closed Type Families with Overlapping Equations},
  Author                   = {Eisenberg, Richard A. and Vytiniotis, Dimitrios and Peyton Jones, Simon and Weirich, Stephanie},
  Booktitle                = {Principles of Programming Languages},
  Year                     = {2014},
  Publisher                = {ACM},
  Series                   = {POPL '14},

  Acmid                    = {2535856},
  Keywords                 = {haskell, system fc, type families, type-level computation},
  Location                 = {San Diego, California, USA},
  Owner                    = {rae},
  Timestamp                = {2015.05.07}
}

@TechReport{closed-type-families-extended,
  Title                    = {Closed Type Families with Overlapping Equations (Extended version)},
  Author                   = {Richard A. Eisenberg and Dimitrios Vytiniotis and Simon {Peyton Jones} and Stephanie Weirich},
  Institution              = {University of Pennsylvania},
  Year                     = {2013},
  Number                   = {MS-CIS-13-10},

  Owner                    = {rae},
  Timestamp                = {2015.05.08}
}

@InProceedings{singletons,
  Title                    = {Dependently Typed Programming with Singletons},
  Author                   = {Richard A. Eisenberg and Stephanie Weirich},
  Booktitle                = {ACM SIGPLAN Haskell Symposium},
  Year                     = {2012},

  Owner                    = {rae},
  Timestamp                = {2015.05.08}
}

@InProceedings{visible-type-application,
  Title                    = {Visible Type Application},
  Author                   = {Richard A. Eisenberg and Stephanie Weirich and Hamidhasan Ahmed},
  Booktitle                = {European Symposium on Programming (ESOP)},
  Year                     = {2016},
  Publisher                = {Springer-Verlag},
  Series                   = {LNCS},

  Owner                    = {rae},
  Timestamp                = {2016.01.24}
}

@InProceedings{cloud-haskell,
  Title                    = {Towards Haskell in the Cloud},
  Author                   = {Epstein, Jeff and Black, Andrew P. and Peyton Jones, Simon},
  Booktitle                = {Haskell Symposium},
  Year                     = {2011},
  Publisher                = {ACM},

  Acmid                    = {2034690},
  Keywords                 = {erlang, haskell, message-passing},
  Location                 = {Tokyo, Japan},
  Owner                    = {rae},
  Timestamp                = {2015.05.07}
}

@Article{haskell-semantics,
  Title                    = {A static semantics for {H}askell},
  Author                   = {Karl-Filip Fax{\'e}n},
  Journal                  = {Journal of Functional Programming},
  Year                     = {2002},

  Month                    = jul,
  Number                   = {4-5},
  Volume                   = {12},

  Owner                    = {rae},
  Timestamp                = {2015.05.08}
}

@Article{lambda-lifting-proof,
  Title                    = {Specification and Correctness of Lambda Lifting},
  Author                   = {Adam Fischbach and John Hannan},
  Journal                  = {Journal of Functional Programming},
  Year                     = {2003},

  Month                    = may,
  Number                   = {3},
  Volume                   = {13},

  Owner                    = {rae},
  Timestamp                = {2015.05.08}
}

@Article{do-we-need-dependent-types,
  Title                    = {Do we need dependent types?},
  Author                   = {Fridlender, Daniel and Indrika, Mia},
  Journal                  = {J. Funct. Program.},
  Year                     = {2000},

  Month                    = jul,
  Number                   = {4},
  Pages                    = {409--415},
  Volume                   = {10},

  Address                  = {New York, NY, USA},
  Issue_date               = {July 2000},
  Numpages                 = {7},
  Owner                    = {rae},
  Publisher                = {Cambridge University Press},
  Timestamp                = {2015.05.08}
}

@Misc{garrigue-injectivity,
  Title                    = {On variance, injectivity, and abstraction},

  Author                   = {Jacques Garrigue},
  HowPublished             = {OCaml Meeting, Boston.},
  Month                    = sep,
  Year                     = {2013},

  Owner                    = {rae},
  Timestamp                = {2015.05.08}
}

@Article{haskell-termination-checker,
  Title                    = {Automated termination proofs for {H}askell by term
 rewriting},
  Author                   = {Giesl, J\"{u}rgen and Raffelsieper, Matthias and
 Schneider-Kamp, Peter and Swiderski, Stephan and Thiemann,
 Ren{\'e}},
  Journal                  = {ACM Trans. Program. Lang. Syst.},
  Year                     = {2011},

  Month                    = feb,
  Number                   = {2},
  Pages                    = {7:1--7:39},
  Volume                   = {33},

  Address                  = {New York, NY, USA},
  Articleno                = {7},
  Issue_date               = {January 2011},
  Keywords                 = {Functional programming, Haskell, dependency pairs, term
 rewriting, termination analysis},
  Numpages                 = {39},
  Owner                    = {rae},
  Publisher                = {ACM},
  Timestamp                = {2015.05.08}
}

@InProceedings{list-fusion,
  Title                    = {A Short Cut to Deforestation},
  Author                   = {Gill, Andrew and Launchbury, John and {Peyton Jones}, Simon},
  Booktitle                = {Proceedings of the Conference on Functional Programming Languages and Computer Architecture},
  Year                     = {1993},

  Address                  = {New York, NY, USA},
  Pages                    = {223--232},
  Publisher                = {ACM},
  Series                   = {FPCA '93},

  Acmid                    = {165214},
  Doi                      = {10.1145/165180.165214},
  Location                 = {Copenhagen, Denmark},
  Numpages                 = {10},
  Owner                    = {rae},
  Timestamp                = {2015.05.08},
  Url                      = {http://doi.acm.org/10.1145/165180.165214}
}

@InCollection{girard-systemf,
  Title                    = {Une Extension De L'Interpretation De {G\"odel} \`a L'Analyse, Et Son Application \`a L'\'Elimination Des Coupures Dans L'Analyse Et La Theorie Des Types},
  Author                   = {Jean-Yves Girard},
  Booktitle                = {Proceedings of the Second Scandinavian Logic Symposium},
  Publisher                = {Elsevier},
  Year                     = {1971},
  Editor                   = {J.E. Fenstad},
  Pages                    = {63 - 92},
  Series                   = {Studies in Logic and the Foundations of Mathematics },
  Volume                   = {63},

  ISSN                     = {0049-237X},
  Url                      = {http://www.sciencedirect.com/science/article/pii/S0049237X08708437}
}

@PhdThesis{girard-thesis,
  Title                    = {Interpr\'etation fonctionnelle et \'elimination des coupures
de l'arithm\'etique d'ordre sup\'erieur},
  Author                   = {Jean-Yves Girard},
  School                   = {Universit\'e Paris 7},
  Year                     = {1972},

  Owner                    = {rae},
  Timestamp                = {2015.05.07}
}

@InProceedings{monnier-type-preserving,
  Title                    = {A type-preserving compiler in {H}askell},
  Author                   = {Guillemette, Louis-Julien and Monnier, Stefan},
  Booktitle                = {Proc. 13th ACM SIGPLAN International Conference on Functional Programming},
  Year                     = {2008},
  Pages                    = {75--86},
  Publisher                = {ACM},
  Series                   = {ICFP '08},

  Keywords                 = {compilation, de Bruijn, higher-order abstract syntax, typed assembly language},
  Location                 = {Victoria, BC, Canada},
  Numpages                 = {12},
  Owner                    = {rae},
  Timestamp                = {2015.05.08}
}

@InProceedings{monnier-vote-for-type-families,
  Title                    = {One Vote for Type Families in {H}askell!},
  Author                   = {Louis-Julien Guillemette and Stefan Monnier},
  Booktitle                = {Proc. 9th Symposium on Trends in Functional
 Programming},
  Year                     = {2008},

  Keywords                 = {haskell, dependent types},
  Location                 = {Nijmegen, The Netherlands},
  Owner                    = {rae},
  Timestamp                = {2015.05.08}
}

@InProceedings{type-checker-plugins,
  author    = {Gundry, Adam},
  title     = {A Typechecker Plugin for Units of Measure: Domain-specific Constraint Solving in {GHC Haskell}},
  booktitle = {Proceedings of the 2015 ACM SIGPLAN Symposium on Haskell},
  year      = {2015},
  series    = {Haskell '15},
  publisher = {ACM},
  location  = {Vancouver, BC, Canada},
}


@Article{type-classes-impl,
  Title                    = {Type Classes in Haskell},
  Author                   = {Hall, Cordelia V. and Hammond, Kevin and Peyton Jones, Simon L. and Wadler, Philip L.},
  Journal                  = {ACM Trans. Program. Lang. Syst.},
  Year                     = {1996},

  Month                    = mar,
  Number                   = {2},
  Volume                   = {18},

  Issue_date               = {March 1996},
  Keywords                 = {Haskell, functional programming, type classes, types},
  Publisher                = {ACM}
}

@InCollection{singletons-original,
  Title                    = {Singleton, Union and Intersection Types for Program Extraction},
  Author                   = {Hayashi, Susumu},
  Booktitle                = {Proc. International Conference on Theoretical Aspects of Computer Software},
  Publisher                = {Springer-Verlag},
  Year                     = {1991},

  Address                  = {London, UK},
  Pages                    = {701--730},
  Series                   = {TACS '91},

  Numpages                 = {30},
  Owner                    = {rae},
  Timestamp                = {2015.05.08}
}

@InProceedings{helium,
  Title                    = {Helium, for Learning Haskell},
  Author                   = {Heeren, Bastiaan and Leijen, Daan and van IJzendoorn, Arjan},
  Booktitle                = {Workshop on Haskell},
  Year                     = {2003},
  Publisher                = {ACM}
}

@InProceedings{very-dependent-types,
  Title                    = {Formal objects in type theory using very dependent types},
  Author                   = {Hickey, Jason J.},
  Booktitle                = {Foundations of Object Oriented Languages (FOOL '96)},
  Year                     = {1996},

  Owner                    = {rae},
  Timestamp                = {2016.06.28},
  Url                      = {http://www.cis.upenn.edu/~bcpierce/FOOL/FOOL3.html}
}

@Article{hindley,
  Title                    = {The Principal Type-Scheme of an Object in Combinatory Logic},
  Author                   = {Hindley, J. Roger},
  Journal                  = {Transactions of the American Mathematical Society},
  Year                     = {1969},
  Volume                   = {146},

  Publisher                = {American Mathematical Society}
}

@Article{generics-for-the-masses,
  Title                    = {Generics for the masses},
  Author                   = {Hinze, Ralf},
  Journal                  = {J. Funct. Program.},
  Year                     = {2006},

  Month                    = jul,
  Number                   = {4-5},
  Pages                    = {451--483},
  Volume                   = {16},

  Address                  = {New York, NY, USA},
  Issue_date               = {July 2006},
  Numpages                 = {33},
  Owner                    = {rae},
  Publisher                = {Cambridge University Press},
  Timestamp                = {2015.05.08}
}

@InProceedings{hofmann-streicher,
  Title                    = {The groupoid interpretation of type theory},
  Author                   = {Hofmann, Martin and Streicher, Thomas},
  Booktitle                = {Twenty-Five Years of Constructive Type Theory},
  Year                     = {1995},

  Address                  = {Venice, Italy},
  Editor                   = {Sambin, Giovanni and Smith, Jan M.},
  Publisher                = {Oxford University Press},
  Series                   = {Oxford Logic Guides},

  Owner                    = {rae},
  Timestamp                = {2016.06.28}
}

@InProceedings{history-of-haskell,
  Title                    = {A History of Haskell: Being Lazy with Class},
  Author                   = {Hudak, Paul and Hughes, John and Peyton Jones, Simon and Wadler, Philip},
  Booktitle                = {Conference on History of Programming Languages},
  Year                     = {2007},

  Location                 = {San Diego, California}
}

@Article{arrows,
  Title                    = {Generalising Monads to Arrows},
  Author                   = {Hughes, John},
  Journal                  = {Sci. Comput. Program.},
  Year                     = {2000},

  Month                    = may,
  Number                   = {1-3},
  Volume                   = {37},

  Issue_date               = {May 2000},
  Publisher                = {Elsevier North-Holland, Inc.}
}

@Misc{hur-injective-anti-classical,
  Title                    = {Agda with excluded middle is inconsistent},

  Author                   = {Chung-Kil Hur},
  HowPublished             = {Email to Agda mailing list},
  Month                    = {January},
  Year                     = {2010},

  Owner                    = {rae},
  Timestamp                = {2016.06.16},
  Url                      = {https://lists.chalmers.se/pipermail/agda/2010/001526.html}
}

@InBook{simplification-girard-paradox,
  Title                    = {A simplification of {Girard's} paradox},
  Author                   = {Hurkens, Antonius J. C.},
  Editor                   = {Dezani-Ciancaglini, Mariangiola
and Plotkin, Gordon},
  Pages                    = {266--278},
  Publisher                = {Springer Berlin Heidelberg},
  Year                     = {1995},

  Address                  = {Berlin, Heidelberg},

  Booktitle                = {Typed Lambda Calculi and Applications: Second International Conference on Typed Lambda Calculi and Applications, TLCA '95 Edinburgh, United Kingdom, April 10--12, 1995 Proceedings},
  Doi                      = {10.1007/BFb0014058},
  ISBN                     = {978-3-540-49178-1},
  Url                      = {http://dx.doi.org/10.1007/BFb0014058}
}

@InProceedings{lambda-lifting,
  Title                    = {Lambda Lifting: Transforming Programs to Recursive Equations},
  Author                   = {Thomas Johnsson},
  Booktitle                = {Conference on Functional Programming Languages and Computer Architecture},
  Year                     = {1985},

  Owner                    = {rae},
  Timestamp                = {2015.05.08}
}

@InProceedings{fundeps,
  Title                    = {Type Classes with Functional Dependencies},
  Author                   = {Mark P. Jones},
  Booktitle                = {European Symposium on Programming},
  Year                     = {2000},

  Owner                    = {rae},
  Timestamp                = {2015.05.08}
}

@InProceedings{typing-haskell-in-haskell,
  Title                    = {Typing {H}askell in {H}askell},
  Author                   = {Mark P. Jones},
  Booktitle                = {Haskell Workshop},
  Year                     = {1999},

  Owner                    = {rae},
  Timestamp                = {2015.05.08}
}

@InProceedings{named-instances,
  Title                    = {Named Instances for {H}askell Type Classes},
  Author                   = {Wolfram Kahl and Jan Scheffczyk},
  Booktitle                = {Proc. 2001 ACM SIGPLAN Workshop on Haskell},
  Year                     = {2001},
  Note                     = {See also:
 \textsf{http://ist.unibw-muenchen.de/Haskell/NamedInstances/}},
  Pages                    = {71--99},
  Publisher                = {ACM},
  Series                   = {Haskell '01},

  Location                 = {Firenze, Italy},
  Owner                    = {rae},
  Timestamp                = {2015.05.08}
}

@InProceedings{kahrs-trss-are-un,
  Title                    = {{Non-Omega-Overlapping TRSs are UN}},
  Author                   = {Stefan Kahrs and Connor Smith},
  Booktitle                = {1st International Conference on Formal Structures for Computation and Deduction (FSCD 2016)},
  Year                     = {2016},

  Address                  = {Dagstuhl, Germany},
  Editor                   = {Delia Kesner and Brigitte Pientka},
  Pages                    = {22:1--22:17},
  Publisher                = {Schloss Dagstuhl--Leibniz-Zentrum fuer Informatik},
  Series                   = {Leibniz International Proceedings in Informatics (LIPIcs)},
  Volume                   = {52},

  Annote                   = {Keywords: consistency, omega-substitutions, uniqueness of normal forms},
  Doi                      = {http://dx.doi.org/10.4230/LIPIcs.FSCD.2016.22},
  ISBN                     = {978-3-95977-010-1},
  ISSN                     = {1868-8969},
  Url                      = {http://drops.dagstuhl.de/opus/volltexte/2016/5996},
  Urn                      = {urn:nbn:de:0030-drops-59968}
}

@InProceedings{gadts-meet-their-match,
  Title                    = {{GADTs} meet their match},
  Author                   = {Karachalias, Georgios and Schrijvers, Tom and Vytiniotis, Dimitrios and Peyton Jones, Simon},
  Booktitle                = {International Conference on Functional Programming},
  Year                     = {2015},
  Publisher                = {ACM},
  Series                   = {ICFP '15},

  Location                 = {Vancouver, British Columbia, Canada}
}

@PhdThesis{kennedy-thesis,
  Title                    = {Programming Languages and Dimensions},
  Author                   = {Andrew Kennedy},
  School                   = {University of Cambridge},
  Year                     = {1996},

  Owner                    = {rae},
  Timestamp                = {2015.05.08}
}

@InProceedings{hlist,
  Title                    = {Strongly typed heterogeneous collections},
  Author                   = {Kiselyov, Oleg and L\"{a}mmel, Ralf and Schupke, Keean},
  Booktitle                = {Proc. 2004 ACM SIGPLAN Workshop on Haskell},
  Year                     = {2004},
  Pages                    = {96--107},
  Publisher                = {ACM},
  Series                   = {Haskell '04},

  Keywords                 = {collections, dependently typed programming, extensible records, haskell, type equality, type improvement, type-indexed rows, type-safe database access},
  Location                 = {Snowbird, Utah, USA},
  Numpages                 = {12},
  Owner                    = {rae},
  Timestamp                = {2015.05.08}
}

@Article{kiselyov-capabilities,
  Title                    = {Lightweight Static Capabilities},
  Author                   = {Kiselyov, Oleg and Shan, Chung-chieh},
  Journal                  = {Electron. Notes Theor. Comput. Sci.},
  Year                     = {2007},

  Month                    = jun,
  Number                   = {7},
  Pages                    = {79--104},
  Volume                   = {174},

  Issue_date               = {June, 2007},
  Keywords                 = {Modular programming, safety property, static types, verification},
  Numpages                 = {26},
  Owner                    = {rae},
  Publisher                = {Elsevier Science Publishers B. V.},
  Timestamp                = {2015.05.08}
}

@InProceedings{syb-with-class,
  Title                    = {Scrap Your Boilerplate With Class: Extensible Generic Functions},
  Author                   = {Ralf L{\"a}mmel and Simon {Peyton Jones}},
  Booktitle                = {ICFP},
  Year                     = {2005},
  Publisher                = ACM,

  Owner                    = {rae},
  Timestamp                = {2015.05.08}
}

@InProceedings{syb,
  Title                    = {Scrap Your Boilerplate: A Practical Design Pattern for Generic Programming},
  Author                   = {L\"{a}mmel, Ralf and Peyton Jones, Simon},
  Booktitle                = {Workshop on Types in Languages Design and Implementation},
  Year                     = {2003},
  Publisher                = {ACM}
}

@InProceedings{st-monad,
  Title                    = {Lazy Functional State Threads},
  Author                   = {Launchbury, John and Peyton Jones, Simon L.},
  Booktitle                = {Conference on Programming Language Design and Implementation},
  Year                     = {1994},
  Publisher                = {ACM},
  Series                   = {PLDI '94},

  Location                 = {Orlando, Florida, USA}
}

@InProceedings{mlf,
  Title                    = {$\mathrm{ML^F}$: Raising {ML} to the power of {System F}},
  Author                   = {Le Botlan, Didier and R\'{e}my, Didier},
  Booktitle                = {International Conference on Functional Programming},
  Year                     = {2003},
  Publisher                = {ACM},

  Owner                    = {rae},
  Timestamp                = {2015.06.24}
}

@InProceedings{leijen:haskelldb,
  Title                    = {Domain specific embedded compilers},
  Author                   = {Leijen, Daan and Meijer, Erik},
  Booktitle                = {Proc. 2nd conference on {Domain-Specific
 Languages}},
  Year                     = {1999},
  Pages                    = {109--122},
  Publisher                = {ACM},
  Series                   = {DSL '99},

  Location                 = {Austin, Texas, United States},
  Numpages                 = {14},
  Owner                    = {rae},
  Timestamp                = {2015.05.08}
}

@InProceedings{implicit-params,
  Title                    = {Implicit parameters: dynamic scoping with static types},
  Author                   = {Lewis, Jeffrey R. and Launchbury, John and Meijer, Erik
 and Shields, Mark B.},
  Booktitle                = {Proc. 27th ACM SIGPLAN-SIGACT symposium on
 Principles of programming languages},
  Year                     = {2000},
  Pages                    = {108--118},
  Publisher                = {ACM},
  Series                   = {POPL '00},

  Location                 = {Boston, MA, USA},
  Numpages                 = {11},
  Owner                    = {rae},
  Timestamp                = {2015.05.08}
}

@InProceedings{hasochism,
  Title                    = {Hasochism: the pleasure and pain of dependently typed {H}askell programming},
  Author                   = {Sam Lindley and Conor McBride},
  Booktitle                = {ACM SIGPLAN Haskell Symposium},
  Year                     = {2013},

  Owner                    = {rae},
  Timestamp                = {2015.05.08}
}

@PhdThesis{luo-ecc,
  Title                    = {An Extended Calculus of Constructions},
  Author                   = {Luo, Zhaohui},
  School                   = {University of Edinburgh},
  Year                     = {1990},

  Owner                    = {rae},
  Timestamp                = {2016.06.28}
}

@Unpublished{generics-kind,
  Title                    = {The Right Kind of Generic Programming},
  Author                   = {Magalh\~aes, Jos\'e Pedro},
  Note                     = {To appear at WGP},
  Year                     = {2012},

  Owner                    = {rae},
  Timestamp                = {2015.05.08}
}

@InProceedings{generic-deriving,
  Title                    = {A generic deriving mechanism for {Haskell}},
  Author                   = {Magalh\~aes, Jos\'e Pedro and Dijkstra, Atze and Jeuring, Johan and L\"{o}h, Andres},
  Booktitle                = {Proceedings of the 3rd ACM Haskell Symposium on Haskell},
  Year                     = {2010},
  Publisher                = {ACM},
  Series                   = {Haskell '10}
}

@Misc{haskell2010,
  Title                    = {Haskell 2010 Language Report},

  Author                   = {Simon {Marlow (editor)} },
  Year                     = {2010},

  Owner                    = {rae},
  Timestamp                = {2015.05.08}
}

@Misc{agda-curious,
  Title                    = {Agda-curious?},

  Author                   = {McBride, Conor},
  HowPublished             = {Keynote, ICFP'12},
  Year                     = {2012},

  Owner                    = {rae},
  Timestamp                = {2015.07.08}
}

@Misc{she,
  Title                    = {The {Strathclyde Haskell Enhancement}},

  Author                   = {McBride, Conor},
  HowPublished             = {\url{https://personal.cis.strath.ac.uk/conor.mcbride/pub/she/}},
  Year                     = {2011},

  Owner                    = {rae},
  Timestamp                = {2015.05.08}
}

@Misc{epigram,
  Title                    = {Epigram},

  Author                   = {Conor McBride},
  Note                     = {\url{http://www.dur.ac.uk/CARG/epigram}},
  Year                     = {2004},

  Owner                    = {rae},
  Timestamp                = {2015.05.08}
}

@Article{faking-it,
  Title                    = {Faking it: {S}imulating dependent types in {H}askell},
  Author                   = {McBride, Conor},
  Journal                  = {J. Funct. Program.},
  Year                     = {2002},

  Month                    = jul,
  Number                   = {5},
  Pages                    = {375--392},
  Volume                   = {12},

  Address                  = {New York, NY, USA},
  Issue_date               = {July 2002},
  Numpages                 = {18},
  Owner                    = {rae},
  Publisher                = {Cambridge University Press},
  Timestamp                = {2015.05.08}
}

@PhdThesis{mcbride-thesis,
  Title                    = {Dependently Typed Functional Programs and their Proofs},
  Author                   = {McBride, Conor},
  School                   = {University of Edinburgh},
  Year                     = {1999},

  Owner                    = {rae},
  Timestamp                = {2016.06.28},
  Url                      = {http://strictlypositive.org/thesis.pdf}
}

@InCollection{higher-rank,
  Title                    = {The typechecking of programs with implicit type structure},
  Author                   = {McCracken, Nancy},
  Booktitle                = {Semantics of Data Types},
  Publisher                = {Springer Berlin Heidelberg},
  Year                     = {1984},
  Editor                   = {Kahn, Gilles and MacQueen, David B. and Plotkin, Gordon},
  Series                   = {Lecture Notes in Computer Science},
  Volume                   = {173}
}

@Article{milner,
  Title                    = {{A Theory of Type Polymorphism in Programming}},
  Author                   = {Milner, Robin},
  Journal                  = {Journal of Computer and System Sciences},
  Year                     = {1978},
  Volume                   = {17}
}

@Book{sml97,
  Title                    = {The Definition of {Standard} {ML} (Revised)},
  Author                   = {Robin Milner and Mads Tofte and Robert Harper and
 David MacQueen},
  Publisher                = mit-press,
  Year                     = {1997},

  Address                  = cam-ma,

  Owner                    = {rae},
  Timestamp                = {2015.05.08}
}

@InCollection{miquel-icc,
  Title                    = {The Implicit Calculus of Constructions: Extending Pure Type Systems with an Intersection Type Binder and Subtyping},
  Author                   = {Miquel, Alexandre},
  Booktitle                = {Typed Lambda Calculi and Applications},
  Publisher                = {Springer Berlin Heidelberg},
  Year                     = {2001},
  Editor                   = {Abramsky, Samson},
  Pages                    = {344-359},
  Series                   = {Lecture Notes in Computer Science},
  Volume                   = {2044}
}

@InProceedings{erasure-pure-type-systems,
  Title                    = {Erasure and Polymorphism in Pure Type Systems},
  Author                   = {Mishra-Linger, Nathan and Sheard, Tim},
  Booktitle                = {Foundations of Software Science and Computational Structures (FoSSaCS)},
  Year                     = {2008},
  Publisher                = {Springer},

  Owner                    = {rae},
  Timestamp                = {2016.06.28}
}

@InProceedings{singletons-everywhere,
  Title                    = {Singleton types here, singleton types there, singleton
 types everywhere},
  Author                   = {Monnier, Stefan and Haguenauer, David},
  Booktitle                = {Programming
 languages meets program verification},
  Year                     = {2010},
  Publisher                = {ACM},
  Series                   = {PLPV '10},

  Acmid                    = {1707792},
  Keywords                 = {certified compilation, dependent types, singleton types},
  Owner                    = {rae},
  Timestamp                = {2015.05.07}
}

@InProceedings{instance-chains,
  Title                    = {Instance chains: type class programming without overlapping instances},
  Author                   = {J. Garrett Morris and Mark P. Jones},
  Booktitle                = {ACM SIGPLAN International Conference on Functional Programming},
  Year                     = {2010},

  Owner                    = {rae},
  Timestamp                = {2015.05.08}
}

@InProceedings{type-checking-units,
  Title                    = {Experience Report: Type-checking Polymorphic Units for Astrophysics Research in {H}askell},
  Author                   = {Takayuki Muranushi and Richard A. Eisenberg},
  Booktitle                = {ACM SIGPLAN Haskell Symposium},
  Year                     = {2014},

  Owner                    = {rae},
  Timestamp                = {2015.05.08}
}

@InProceedings{higher-order-classes,
  Title                    = {Type classes with more higher-order polymorphism},
  Author                   = {Neubauer, Matthias and Thiemann, Peter},
  Booktitle                = {Proc. 7th ACM SIGPLAN International Conference on Functional Programming},
  Year                     = {2002},
  Pages                    = {179--190},
  Publisher                = {ACM},
  Series                   = {ICFP '02},

  Keywords                 = {Haskell, higher-order unification, type classes, type inference},
  Location                 = {Pittsburgh, PA, USA},
  Numpages                 = {12},
  Owner                    = {rae},
  Timestamp                = {2015.05.08}
}

@PhdThesis{norell-thesis,
  Title                    = {Towards a practical programming language based on dependent type theory},
  Author                   = {Ulf Norell},
  School                   = {Department of Computer Science and Engineering, Chalmers
 University of Technology},
  Year                     = {2007},

  Address                  = {SE-412 96 G\"{o}teborg, Sweden},
  Month                    = {September},

  Owner                    = {rae},
  Timestamp                = {2015.05.08}
}

@InProceedings{odersky-laufer,
  Title                    = {Putting Type Annotations to Work},
  Author                   = {Odersky, Martin and L\"{a}ufer, Konstantin},
  Booktitle                = {Symposium on Principles of Programming Languages},
  Year                     = {1996},
  Publisher                = {ACM},
  Series                   = {POPL '96}
}

@InProceedings{okasaki:square-matrices,
  Title                    = {From fast exponentiation to square matrices: an adventure
 in types},
  Author                   = {Okasaki, Chris},
  Booktitle                = {Proc. 4th ACM SIGPLAN {I}nternational
 {C}onference on Functional {P}rogramming},
  Year                     = {1999},
  Pages                    = {28--35},
  Publisher                = {ACM},
  Series                   = {ICFP '99},

  Location                 = {Paris, France},
  Numpages                 = {8},
  Owner                    = {rae},
  Timestamp                = {2015.05.08}
}

@InProceedings{power-of-pi,
  Title                    = {The power of {P}i},
  Author                   = {Oury, Nicolas and Swierstra, Wouter},
  Booktitle                = {Proc. 13th ACM SIGPLAN international
 conference on Functional programming},
  Year                     = {2008},
  Pages                    = {39--50},
  Publisher                = {ACM},
  Series                   = {ICFP '08},

  Keywords                 = {dependent types, domain-specific embedded languages},
  Location                 = {Victoria, BC, Canada},
  Numpages                 = {12},
  Owner                    = {rae},
  Timestamp                = {2015.05.08}
}

@Article{instant-insanity,
  Title                    = {Type-Level Instant Insanity},
  Author                   = {Parker, Conrad},
  Journal                  = {The Monad.Reader},
  Year                     = {2007},
  Number                   = {8},

  Owner                    = {rae},
  Timestamp                = {2015.05.27}
}

@Unpublished{scoped-type-variables,
  Title                    = {Lexically-scoped type variables},
  Author                   = {Peyton Jones, Simon and Shields, Mark},
  Note                     = {Draft},
  Year                     = {2004},

  Owner                    = {rae},
  Timestamp                = {2015.07.07},
  Url                      = {http://research.microsoft.com/en-us/um/people/simonpj/papers/scoped-tyvars/}
}

@InProceedings{rules,
  Title                    = {Playing by the rules: rewriting as a practical optimisation technique in {GHC}},
  Author                   = {{Peyton Jones}, Simon and Tolmach, Andrew and Hoare, Tony},
  Booktitle                = {Haskell Workshop},
  Year                     = {2001},
  Pages                    = {203--233},

  Owner                    = {rae},
  Timestamp                = {2015.05.08}
}

@Article{practical-type-inference,
  Title                    = {Practical type inference for arbitrary-rank types},
  Author                   = {{Peyton Jones}, Simon and Dimitrios Vytiniotis and Stephanie Weirich and Mark Shields},
  Journal                  = {Journal of Functional Programming},
  Year                     = {2007},

  Month                    = jan,
  Number                   = {1},
  Volume                   = {17},

  Owner                    = {rae},
  Timestamp                = {2015.05.08}
}

@InProceedings{gadt-type-inference,
  Title                    = {Simple unification-based type inference for {GADTs}},
  Author                   = {{Peyton Jones}, Simon and Vytiniotis, Dimitrios and Weirich,
 Stephanie and Washburn, Geoffrey},
  Booktitle                = {International
 Conference on Functional Programming},
  Year                     = {2006},
  Publisher                = {ACM},
  Series                   = {ICFP '06},

  Acmid                    = {1159811},
  Keywords                 = {generalized algebraic data types, type inference},
  Location                 = {Portland, Oregon, USA},
  Owner                    = {rae},
  Timestamp                = {2015.05.07}
}

@InCollection{typerep,
  Title                    = {A reflection on types},
  Author                   = {{Peyton Jones}, Simon and Weirich, Stephanie and Eisenberg, Richard A. and Vytiniotis, Dimitrios},
  Booktitle                = {A list of successes that can change the world},
  Publisher                = {Springer},
  Year                     = {2016},
  Note                     = {A festschrift in honor of Phil Wadler},
  Series                   = {LNCS},

  Owner                    = {rae},
  Timestamp                = {2016.06.28}
}

@Unpublished{static-semantics-for-haskell,
  Title                    = {A static semantics for {Haskell}},
  Author                   = {Peyton Jones, Simon L. and Wadler, Philip},
  Note                     = {Internal memo, Dept.~of Computing Science, Glasgow University},
  Year                     = {1991},

  Owner                    = {rae},
  Timestamp                = {2015.05.27}
}

@InProceedings{unboxed,
  Title                    = {Unboxed values as first class citizens},
  Author                   = {Simon {Peyton~Jones} and John Launchbury},
  Booktitle                = {FPCA},
  Year                     = {1991},
  Pages                    = {636-666},
  Publisher                = springer,
  Series                   = {LNCS},
  Volume                   = {523},

  Keywords                 = {arithmetic, transformation, deforestation, peyton jones},
  Owner                    = {rae},
  Timestamp                = {2015.05.08},
  Topic                    = {language design}
}

@Book{tapl,
  Title                    = {Types and Programming Languages},
  Author                   = {Pierce, Benjamin C.},
  Publisher                = {MIT Press},
  Year                     = {2002},

  Address                  = {Cambridge, MA},

  Owner                    = {rae},
  Timestamp                = {2016.06.28}
}

@Article{local-type-inference,
  Title                    = {Local Type Inference},
  Author                   = {Pierce, Benjamin C. and Turner, David N.},
  Journal                  = {ACM Trans. Program. Lang. Syst.},
  Year                     = {2000},

  Month                    = jan,
  Number                   = {1},
  Volume                   = {22},

  Publisher                = {ACM}
}

@InBook{remy-attapl,
  Title                    = {Advanced Topics in Types and Programming Languages},
  Author                   = {Pottier, Fran\c{c}ois and R\'{e}my, Didier},
  Chapter                  = {{The Essence of ML Type Inference}},
  Editor                   = {Benjamin C. Pierce},
  Pages                    = {387--489},
  Publisher                = {The MIT Press},
  Year                     = {2005},

  Owner                    = {rae},
  Timestamp                = {2015.07.07}
}

@InProceedings{defunctionalization,
  Title                    = {Definitional Interpreters for Higher-Order Programming Languages},
  Author                   = {John Reynolds},
  Booktitle                = {ACM Annual Conference},
  Year                     = {1972},

  Owner                    = {rae},
  Timestamp                = {2015.05.08}
}

@InCollection{reynolds-systemf,
  Title                    = {Towards a theory of type structure},
  Author                   = {Reynolds, John C.},
  Booktitle                = {Programming Symposium},
  Publisher                = {Springer Berlin Heidelberg},
  Year                     = {1974},
  Editor                   = {Robinet, B.},
  Pages                    = {408-425},
  Series                   = {Lecture Notes in Computer Science},
  Volume                   = {19},

  ISBN                     = {978-3-540-06859-4},
  Language                 = {English},
  Url                      = {http://dx.doi.org/10.1007/3-540-06859-7_148}
}

@Article{russell-universes,
  Title                    = {Mathematical llogic as based on a theory of types},
  Author                   = {Russell, Bertrand},
  Journal                  = {Amer. J. Math.},
  Year                     = {1908},
  Pages                    = {222-262},
  Volume                   = {30},

  Owner                    = {rae},
  Timestamp                = {2016.06.28}
}

@InProceedings{sherer-gadts,
  Title                    = {{GADTs} meet subtyping},
  Author                   = {Gabriel Scherer and Didier R\'emy},
  Booktitle                = {ESOP},
  Year                     = {2013},
  Pages                    = {554--573},

  Owner                    = {rae},
  Timestamp                = {2015.05.08}
}

@InProceedings{complete-gadt-type-inference,
  Title                    = {Complete and decidable type inference for {GADTs}},
  Author                   = {Schrijvers, Tom and Peyton Jones, Simon and Sulzmann,
 Martin and Vytiniotis, Dimitrios},
  Booktitle                = {Proc. 14th ACM SIGPLAN international
 conference on Functional programming},
  Year                     = {2009},
  Pages                    = {341--352},
  Publisher                = {ACM},
  Series                   = {ICFP '09},

  Keywords                 = {GADTs, Haskell, type inference},
  Location                 = {Edinburgh, Scotland},
  Numpages                 = {12},
  Owner                    = {rae},
  Timestamp                = {2015.05.08}
}

@Article{ott,
  Title                    = {Ott: Effective tool support for the working semanticist},
  Author                   = {Peter Sewell and Francesco {Zappa Nardelli} and Scott Owens and Gilles Peskine and Thomas Ridge and Susmit Sarkar and Rok Strni\v{s}a},
  Journal                  = {Journal of Functional Programming},
  Year                     = {2010},

  Month                    = jan,
  Number                   = {1},
  Volume                   = {20},

  Owner                    = {rae},
  Timestamp                = {2015.05.08}
}

@TechReport{sheard-gadts,
  Title                    = {{GADT}s + Extensible Kind System = Dependent Programming},
  Author                   = {Tim Sheard and James Hook and Nathan Linger},
  Institution              = {Portland State University},
  Year                     = {2005},
  Note                     = {{\tt http://www.cs.pdx.edu/\verb+~+sheard}},

  Owner                    = {rae},
  Timestamp                = {2015.05.08}
}

@InProceedings{template-haskell,
  Title                    = {Template meta-programming for {H}askell},
  Author                   = {Sheard, Tim and Peyton Jones, Simon},
  Booktitle                = {Proc. 2002 ACM SIGPLAN workshop on Haskell},
  Year                     = {2002},
  Pages                    = {1--16},
  Publisher                = {ACM},
  Series                   = {Haskell '02},

  Keywords                 = {meta programming, templates},
  Location                 = {Pittsburgh, Pennsylvania},
  Numpages                 = {16},
  Owner                    = {rae},
  Timestamp                = {2015.05.08}
}

@InProceedings{injective-type-families,
  Title                    = {Injective Type Families for {Haskell}},
  Author                   = {Stolarek, Jan and Peyon Jones, Simon and Eisenberg, Richard A.},
  Booktitle                = {Haskell Symposium},
  Year                     = {2015},
  Publisher                = {ACM},
  Series                   = {Haskell '15},

  Location                 = {Vancouver, BC, Canada},
  Owner                    = {rae},
  Timestamp                = {2015.05.27}
}

@InProceedings{systemfc,
  Title                    = {System {F} with type equality coercions},
  Author                   = {Sulzmann, Martin and Chakravarty, Manuel M. T. and {Peyton Jones}, Simon and Donnelly, Kevin},
  Booktitle                = {Types in languages design and implementation},
  Year                     = {2007},
  Publisher                = {ACM},
  Series                   = {TLDI '07},

  Acmid                    = {1190324},
  Keywords                 = {advanced type features, typed intermediate language},
  Location                 = {Nice, Nice, France},
  Owner                    = {rae},
  Timestamp                = {2015.05.07}
}

@Article{fundeps-chr,
  Title                    = {Understanding Functional Dependencies via Constraint Handling Rules},
  Author                   = {Sulzmann, Martin and Duck, Gregory J. and Peyton-Jones, Simon and Stuckey, Peter J.},
  Journal                  = {J. Funct. Program.},
  Year                     = {2007},

  Month                    = jan,
  Number                   = {1},
  Volume                   = {17},

  Issue_date               = {January 2007},
  Publisher                = {Cambridge University Press}
}

@InProceedings{f-star,
  Title                    = {Secure distributed programming with value-dependent
 types},
  Author                   = {Swamy, Nikhil and Chen, Juan and Fournet, C{\'e}dric and
 Strub, Pierre-Yves and Bhargavan, Karthikeyan and Yang,
 Jean},
  Booktitle                = {Proc. 16th ACM SIGPLAN International
 Conference on Functional Programming},
  Year                     = {2011},
  Pages                    = {266--278},
  Publisher                = {ACM},
  Series                   = {ICFP '11},

  Keywords                 = {refinement types, security types},
  Location                 = {Tokyo, Japan},
  Numpages                 = {13},
  Owner                    = {rae},
  Timestamp                = {2015.05.08}
}

@Article{data-types-a-la-carte,
  Title                    = {Data types {\`a} la carte},
  Author                   = {Swierstra, Wouter},
  Journal                  = {J. Funct. Program.},
  Year                     = {2008},

  Month                    = jul,
  Number                   = {4},
  Pages                    = {423--436},
  Volume                   = {18},

  Acmid                    = {1394795},
  Address                  = {New York, NY, USA},
  Doi                      = {10.1017/S0956796808006758},
  ISSN                     = {0956-7968},
  Issue_date               = {July 2008},
  Numpages                 = {14},
  Owner                    = {rae},
  Publisher                = {Cambridge University Press},
  Timestamp                = {2015.05.08},
  Url                      = {http://dx.doi.org/10.1017/S0956796808006758}
}

@Unpublished{practical-erasure,
  Title                    = {Practical Erasure in Dependently Typed Languages},
  Author                   = {Teji\v{s}\v{c}\'{a}k, Mat\'{u}\v{s} and Brady, Edwin},
  Note                     = {Draft},
  Year                     = {2015},

  Owner                    = {rae},
  Timestamp                = {2015.05.28},
  Url                      = {http://eb.host.cs.st-andrews.ac.uk/drafts/dtp-erasure-draft.pdf}
}

@Article{impredicative-subtyping-undecidable,
  Title                    = {The Subtyping Problem for Second-Order Types is Undecidable},
  Author                   = {Jerzy Tiuryn and Pawel Urzyczyn},
  Journal                  = {Logic in Computer Science, Symposium on},
  Year                     = {1996},
  Pages                    = {74},
  Volume                   = {0},

  Address                  = {Los Alamitos, CA, USA},
  Doi                      = {http://doi.ieeecomputersociety.org/10.1109/LICS.1996.561306},
  ISSN                     = {1043-6871},
  Publisher                = {IEEE Computer Society}
}

@Book{hott,
  Title                    = {Homotopy Type Theory: Univalent Foundations of Mathematics},
  Author                   = {The {Univalent Foundations Program}},
  Publisher                = {\url{https://homotopytypetheory.org/book}},
  Year                     = {2013},

  Address                  = {Institute for Advanced Study}
}

@InProceedings{liquid-haskell,
  Title                    = {Refinement Types for {H}askell},
  Author                   = {Vazou, Niki and Seidel, Eric L. and Jhala, Ranjit and Vytiniotis, Dimitrios and Peyton Jones, Simon},
  Booktitle                = {International Conference on Functional Programming},
  Year                     = {2014},
  Publisher                = {ACM},
  Series                   = {ICFP '14},

  Acmid                    = {2628161},
  Location                 = {Gothenburg, Sweden},
  Owner                    = {rae},
  Timestamp                = {2015.05.07}
}

@InProceedings{coercion-optimization,
  Title                    = {{Evidence Normalization in System FC}},
  Author                   = {Vytiniotis, Dimitrios and Peyton Jones, Simon},
  Booktitle                = {24th International Conference on Rewriting Techniques and Applications (RTA 2013)},
  Year                     = {2013},

  Address                  = {Dagstuhl, Germany},
  Editor                   = {Femke van Raamsdonk},
  Pages                    = {20--38},
  Publisher                = {Schloss Dagstuhl--Leibniz-Zentrum fuer Informatik},
  Series                   = {Leibniz International Proceedings in Informatics (LIPIcs)},
  Volume                   = {21},

  Annote                   = {Keywords: Haskell, type functions, system FC},
  Doi                      = {http://dx.doi.org/10.4230/LIPIcs.RTA.2013.20},
  ISBN                     = {978-3-939897-53-8},
  ISSN                     = {1868-8969},
  Url                      = {http://drops.dagstuhl.de/opus/volltexte/2013/4050},
  Urn                      = {urn:nbn:de:0030-drops-40506}
}

@InProceedings{deferred-type-errors,
  Title                    = {Equality Proofs and Deferred Type Errors: A Compiler Pearl},
  Author                   = {Vytiniotis, Dimitrios and Peyton Jones, Simon and Magalh\~{a}es, Jos{\'e} Pedro},
  Booktitle                = {International Conference on Functional Programming},
  Year                     = {2012},
  Publisher                = {ACM},
  Series                   = {ICFP '12},

  Acmid                    = {2364554},
  Keywords                 = {deferred type errors, system fc, type equalities},
  Location                 = {Copenhagen, Denmark},
  Owner                    = {rae},
  Timestamp                = {2015.05.07}
}

@InProceedings{let-should-not-be-generalised,
  Title                    = {Let Should Not Be Generalized},
  Author                   = {Vytiniotis, Dimitrios and Peyton Jones, Simon and Schrijvers, Tom},
  Booktitle                = {Types in Language Design and Implementation},
  Year                     = {2010},
  Publisher                = {ACM},
  Series                   = {TLDI '10}
}

@Article{outsidein,
  Title                    = {\textsc{OutsideIn(X)}: {M}odular Type Inference with Local Assumptions},
  Author                   = {Dimitrios Vytiniotis and Simon {Peyton Jones} and Tom Schrijvers and Martin Sulzmann},
  Journal                  = {Journal of Functional Programming},
  Year                     = {2011},

  Month                    = sep,
  Number                   = {4-5},
  Volume                   = {21},

  Owner                    = {rae},
  Timestamp                = {2015.05.08}
}

@InProceedings{boxy-types,
  Title                    = {Boxy Types: Inference for Higher-rank Types and Impredicativity},
  Author                   = {Vytiniotis, Dimitrios and Weirich, Stephanie and {Peyton Jones}, Simon},
  Booktitle                = {International Conference on Functional Programming},
  Year                     = {2006},
  Publisher                = {ACM},
  Series                   = {ICFP '06},

  Acmid                    = {1159838},
  Keywords                 = {higher-rank types, impredicativity, type inference},
  Location                 = {Portland, Oregon, USA},
  Owner                    = {rae},
  Timestamp                = {2015.05.07}
}

@TechReport{practical-types-appendix,
  Title                    = {Practical Type Inference for Arbitrary-Rank Types: Technical Appendix},
  Author                   = {Vytiniotis, Dimitrios and Weirich, Stephanie C. and {Peyon Jones}, Simon},
  Institution              = {University of Pennsylvania},
  Year                     = {2005},
  Number                   = {MS-CIS-05-14},

  Owner                    = {rae},
  Timestamp                = {2015.07.07},
  Url                      = {http://repository.upenn.edu/cis_reports/58/}
}

@InCollection{wadler-monads,
  Title                    = {Monads for functional programming},
  Author                   = {Wadler, Philip},
  Booktitle                = {Advanced Functional Programming},
  Publisher                = {Springer Berlin Heidelberg},
  Year                     = {1995},
  Editor                   = {Jeuring, Johan and Meijer, Erik},
  Pages                    = {24-52},
  Series                   = {Lecture Notes in Computer Science},
  Volume                   = {925},

  Doi                      = {10.1007/3-540-59451-5_2},
  ISBN                     = {978-3-540-59451-2},
  Language                 = {English},
  Url                      = {http://dx.doi.org/10.1007/3-540-59451-5_2}
}

@InCollection{wadler-pattern-matching,
  Title                    = {Compiling Pattern Matching},
  Author                   = {Wadler, Philip},
  Booktitle                = {The Implementation of Functional Programming Languages},
  Publisher                = {Prentice-Hall},
  Year                     = {1987},
  Editor                   = {Peyton Jones, Simon},

  Owner                    = {rae},
  Timestamp                = {2016.07.15}
}

@InProceedings{boxes-go-bananas,
  Title                    = {{Boxes Go Bananas}: Encoding Higher-order Abstract Syntax with Parametric Polymorphism},
  Author                   = {Washburn, Geoffrey and Weirich, Stephanie},
  Booktitle                = {International Conference on Functional Programming},
  Year                     = {2003},
  Publisher                = {ACM}
}

@Misc{weirich-icfp-keynote,
  Title                    = {Depending on Types},

  Author                   = {Weirich, Stephanie},
  HowPublished             = {Keynote address, ICFP'14},
  Year                     = {2014},

  Owner                    = {rae},
  Timestamp                = {2015.06.28}
}

@Misc{weirich-paradoxical-typecase,
  Title                    = {Paradoxical Typecase},

  Author                   = {Stephanie Weirich},
  HowPublished             = {Presentation to WG2.8.},
  Month                    = {November},
  Year                     = {2012},

  Owner                    = {rae},
  Timestamp                = {2016.06.16},
  Url                      = {http://www.cis.upenn.edu/~sweirich/talks/wg28-paradoxes.pdf}
}

@Article{weirich-cast,
  Title                    = {Type-Safe Cast: Functional Pearl},
  Author                   = {Stephanie Weirich},
  Journal                  = {J. Funct. Program.},
  Year                     = {2004},
  Number                   = {6},
  Pages                    = {681-695},
  Volume                   = {14},

  Owner                    = {rae},
  Timestamp                = {2015.05.08}
}

@InProceedings{nokinds,
  Title                    = {System {FC} with Explicit Kind Equality},
  Author                   = {Weirich, Stephanie and Hsu, Justin and Eisenberg, Richard A.},
  Booktitle                = {International Conference on Functional Programming},
  Year                     = {2013},
  Publisher                = {ACM},
  Series                   = {ICFP '13},

  Acmid                    = {2500599},
  Keywords                 = {dependent types, equality, haskell},
  Location                 = {Boston, Massachusetts, USA},
  Owner                    = {rae},
  Timestamp                = {2015.05.07}
}

@TechReport{nokinds-extended,
  Title                    = {Towards dependently typed {Haskell}: {System FC} with kind equality (Extended Version)},
  Author                   = {Weirich, Stephanie and Hsu, Justin and Eisenberg, Richard A.},
  Institution              = {University of Pennsylvania},
  Year                     = {2013},

  Owner                    = {rae},
  Timestamp                = {2015.05.07},
  Url                      = {http://www.cis.upenn.edu/~sweirich/nokinds-extended.pdf}
}

@InProceedings{partial-type-signatures,
  Title                    = {Partial Type Signatures for Haskell},
  Author                   = {Winant, Thomas and Devriese, Dominique and Piessens, Frank and Schrijvers, Tom},
  Booktitle                = {Practical Aspects of Declarative Languages},
  Year                     = {2014},
  Month                    = {January},
  Pages                    = {17--32},
  Publisher                = {Springer International Publishing},
  Volume                   = {8324}
}

@InProceedings{xi-gadt,
  Title                    = {Guarded recursive datatype constructors},
  Author                   = {Xi, Hongwei and Chen, Chiyan and Chen, Gang},
  Booktitle                = {Principles of Programming Languages},
  Year                     = {2003},
  Publisher                = {ACM},
  Series                   = {POPL '03},

  Acmid                    = {604150},
  Keywords                 = {guarded recursive datatype constructors},
  Location                 = {New Orleans, Louisiana, USA},
  Owner                    = {rae},
  Timestamp                = {2015.05.07}
}

@InProceedings{dml,
  Title                    = {Dependent types in practical programming},
  Author                   = {Xi, Hongwei and Pfenning, Frank},
  Booktitle                = {Proc. 26th ACM SIGPLAN-SIGACT symposium on
 Principles of programming languages},
  Year                     = {1999},
  Pages                    = {214--227},
  Publisher                = {ACM},
  Series                   = {POPL '99},

  Location                 = {San Antonio, Texas, United States},
  Numpages                 = {14},
  Owner                    = {rae},
  Timestamp                = {2015.05.08}
}

@InProceedings{xi-array-bounds,
  Title                    = {Eliminating array bound checking through dependent types},
  Author                   = {Xi, Hongwei and Pfenning, Frank},
  Booktitle                = {Proc. ACM SIGPLAN 1998 conference on
 Programming language design and implementation},
  Year                     = {1998},
  Pages                    = {249--257},
  Publisher                = {ACM},
  Series                   = {PLDI '98},

  Location                 = {Montreal, Quebec, Canada},
  Numpages                 = {9},
  Owner                    = {rae},
  Timestamp                = {2015.05.08}
}

@InProceedings{lightweight-ocaml-kinds,
  Title                    = {Lightweight Higher-kinded Polymorphism},
  Author                   = {Jeremy Yallop and Leo White},
  Booktitle                = {International Symposium on Functional and Logic Programming},
  Year                     = {2014},

  Owner                    = {rae},
  Timestamp                = {2015.05.08}
}

@InProceedings{promotion,
  Title                    = {Giving {H}askell a promotion},
  Author                   = {Yorgey, Brent A. and Weirich, Stephanie and Cretin, Julien and Peyton Jones, Simon and Vytiniotis, Dimitrios and Magalh\~{a}es, Jos{\'e} Pedro},
  Booktitle                = {Types in Language Design and Implementation},
  Year                     = {2012},
  Publisher                = {ACM},
  Series                   = {TLDI '12},

  Acmid                    = {2103795},
  Keywords                 = {haskell, kinds, polymorphism, promotion},
  Location                 = {Philadelphia, Pennsylvania, USA},
  Owner                    = {rae},
  Timestamp                = {2015.05.07}
}

@Book{haskell98,
  Title                    = {Haskell 98 Language and Libraries: The Revised Report},
  Editor                   = {Simon {Peyton Jones}},
  Publisher                = {Cambridge University Press},
  Year                     = {2003},

  Owner                    = {rae},
  Timestamp                = {2015.05.08}
}

@Proceedings{DBLP:conf/esop/2000,
  Title                    = {Programming Languages and Systems, 9th European Symposium
 on Programming, ESOP 2000, Held as Part of the European
 Joint Conferences on the Theory and Practice of Software,
 ETAPS 2000, Berlin, Germany, March 25 - April 2, 2000, Proceedings},
  Year                     = {2000},
  Editor                   = {Gert Smolka},
  Publisher                = {Springer},
  Series                   = {Lecture Notes in Computer Science},
  Volume                   = {1782},

  Bibsource                = {DBLP, http://dblp.uni-trier.de},
  Booktitle                = {ESOP},
  ISBN                     = {3-540-67262-1},
  Owner                    = {rae},
  Timestamp                = {2015.05.08}
}

@Proceedings{DBLP:conf/popl/2011,
  Title                    = {Proceedings of the 38th ACM SIGPLAN-SIGACT Symposium on
 Principles of Programming Languages, POPL 2011, Austin,
 TX, USA, January 26-28, 2011},
  Year                     = {2011},
  Publisher                = {ACM},

  Bibsource                = {DBLP, http://dblp.uni-trier.de},
  Booktitle                = {POPL},
  Ee                       = {http://dl.acm.org/citation.cfm?id=1926385},
  Owner                    = {rae},
  Timestamp                = {2015.05.07}
}

@Proceedings{DBLP:conf/icfp/2005,
  Title                    = {Proceedings of the 10th ACM SIGPLAN International Conference
 on Functional Programming, ICFP 2005, Tallinn, Estonia,
 September 26-28, 2005},
  Year                     = {2005},
  Publisher                = {ACM},

  Bibsource                = {DBLP, http://dblp.uni-trier.de},
  Booktitle                = {ICFP},
  Owner                    = {rae},
  Timestamp                = {2015.05.08}
}

@Proceedings{DBLP:conf/popl/2005,
  Title                    = {Proceedings of the 32nd ACM SIGPLAN-SIGACT Symposium on
 Principles of Programming Languages, POPL 2005, Long Beach,
 California, USA, January 12-14, 2005},
  Year                     = {2005},
  Publisher                = {ACM},

  Bibsource                = {DBLP, http://dblp.uni-trier.de},
  Booktitle                = {POPL},
  Ee                       = {http://dl.acm.org/citation.cfm?id=1040305},
  Owner                    = {rae},
  Timestamp                = {2015.05.08}
}

@Proceedings{DBLP:conf/popl/1989,
  Title                    = {Conference Record of the Sixteenth Annual ACM Symposium
 on Principles of Programming Languages, Austin, Texas, USA,
 January 11-13, 1989},
  Year                     = {1989},
  Publisher                = {ACM},

  Bibsource                = {DBLP, http://dblp.uni-trier.de},
  Booktitle                = {POPL},
  Ee                       = {http://dl.acm.org/citation.cfm?id=75277},
  Owner                    = {rae},
  Timestamp                = {2015.05.08}
}

@InProceedings{meertens-polymorphic-recursion,
  author    = {Meertens, Lambert},
  title     = {Incremental Polymorphic Type Checking in {B}},
  booktitle = {Proceedings of the 10th ACM SIGACT-SIGPLAN Symposium on Principles of Programming Languages},
  year      = {1983},
  series    = {POPL '83},
  publisher = {ACM},
  location  = {Austin, Texas},
}

@InBook{mycroft-polymorphic-recursion,
  title     = {Polymorphic type schemes and recursive definitions},
  publisher = {Springer},
  year      = {1984},
  author    = {Mycroft, Alan},
  editor    = {Paul, M. and Robinet, B.},
  address   = {Berlin, Heidelberg},
  booktitle = {International Symposium on Programming: 6th Colloquium Toulouse, April 17--19, 1984 Proceedings},
}

@Article{henglein-polymorphic-recursion,
  author     = {Henglein, Fritz},
  title      = {Type Inference with Polymorphic Recursion},
  journal    = {ACM Trans. Program. Lang. Syst.},
  year       = {1993},
  volume     = {15},
  number     = {2},
  pages      = {253--289},
  month      = apr,
  acmid      = {169692},
  address    = {New York, NY, USA},
  doi        = {10.1145/169701.169692},
  issn       = {0164-0925},
  issue_date = {April 1993},
  keywords   = {polymorphism, recursion, semiunification, type inference},
  numpages   = {37},
  publisher  = {ACM},
  url        = {http://doi.acm.org/10.1145/169701.169692},
}

@InProceedings{pattern-synonyms,
  author    = {Pickering, Matthew and \'Erdi, Gerg\H{o} and Peyton Jones, Simon and Eisenberg, Richard A.},
  title     = {Pattern Synonyms},
  booktitle = {ACM SIGPLAN Haskell Symposium},
  year      = {2016},
  publisher = {ACM},
}

@Unpublished{visible-type-application-extended,
  author = {Eisenberg, Richard A. and Weirich, Stephanie and Ahmed, Hamidhasan},
  title  = {Visible Type Application (Extended Version)},
  year   = {2016},
  url    = {http://www.cis.upenn.edu/~eir/papers/2016/type-app/visible-type-app-extended.pdf},
}

@InProceedings{monad-transformers,
  author    = {Liang, Sheng and Hudak, Paul and Jones, Mark},
  title     = {Monad Transformers and Modular Interpreters},
  booktitle = {Proceedings of the 22Nd ACM SIGPLAN-SIGACT Symposium on Principles of Programming Languages},
  year      = {1995},
  series    = {POPL '95},
  publisher = {ACM},
  location  = {San Francisco, California, USA},
}

@InProceedings{diatchki-smt-plugin,
  author    = {Diatchki, Iavor S.},
  title     = {Improving Haskell Types with {SMT}},
  booktitle = {Proceedings of the 2015 ACM SIGPLAN Symposium on Haskell},
  year      = {2015},
  series    = {Haskell '15},
  publisher = {ACM},
  location  = {Vancouver, BC, Canada},
}

@InProceedings{keeping-neighbours-in-order,
  author    = {McBride, Conor Thomas},
  title     = {How to Keep Your Neighbours in Order},
  booktitle = {Proceedings of the 19th ACM SIGPLAN International Conference on Functional Programming},
  year      = {2014},
  series    = {ICFP '14},
  publisher = {ACM},
  location  = {Gothenburg, Sweden},
}

@Unpublished{nyc-hug-2014,
  author = {Eisenberg, Richard A.},
  title  = {Dependent Types in Haskell},
  note   = {Presentation to New York City Haskell Users' Group},
  month  = {Oct},
  year   = {2014},
  url    = {https://github.com/goldfirere/nyc-hug-oct2014},
}

@Unpublished{why-dependent-types-matter,
  author = {Altenkirch, Thorsten and McBride, Conor and McKinna, James},
  title  = {Why Dependent Types Matter},
  year   = {2005},
  url    = {http://www.strictlypositive.org/ydtm.ps.gz},
}

@Book{beginning-haskell,
  title     = {Beginning Haskell: A Project-Based Approach},
  publisher = {Apress},
  year      = {2013},
  author    = {Serrano Mena, Alejandro},
}

@Misc{idris-pretty-printer,
  author       = {Christiansen, David Raymond},
  title        = {A Pretty Printer that Says What it Means},
  howpublished = {Talk, Haskell Implementors Workshop, Vancouver, BC, Canada},
  year         = {2015},
  url          = {https://www.youtube.com/watch?v=m7BBCcIDXSg},
}

@InProceedings{idris-reflection,
  author    = {Christiansen, David Raymond},
  title     = {Type-Directed Elaboration of Quasiquotations: A High-Level Syntax for Low-Level Reflection},
  booktitle = {Proceedings of the 26Nd 2014 International Symposium on Implementation and Application of Functional Languages},
  year      = {2014},
  series    = {IFL '14},
  publisher = {ACM},
  location  = {Boston, MA, USA},
}

@InProceedings{bounded-refinement-types,
  author    = {Vazou, Niki and Bakst, Alexander and Jhala, Ranjit},
  title     = {Bounded Refinement Types},
  booktitle = {Proceedings of the 20th ACM SIGPLAN International Conference on Functional Programming},
  year      = {2015},
  series    = {ICFP 2015},
  publisher = {ACM},
  location  = {Vancouver, BC, Canada},
}

@InProceedings{liquid-haskell-experience,
  author    = {Vazou, Niki and Seidel, Eric L. and Jhala, Ranjit},
  title     = {{LiquidHaskell}: Experience with Refinement Types in the Real World},
  booktitle = {Proceedings of the 2014 ACM SIGPLAN Symposium on Haskell},
  year      = {2014},
  series    = {Haskell '14},
  publisher = {ACM},
  location  = {Gothenburg, Sweden},
}

@InProceedings{dafny,
  author    = {Leino, K. Rustan M.},
  title     = {Dafny: An Automatic Program Verifier for Functional Correctness},
  booktitle = {Logic for Programming, Artificial Intelligence, and Reasoning},
  year      = {2010},
  editor    = {Clarke, Edmund M. and Voronkov, Andrei},
  series    = {LPAR'16},
  pages     = {348--370},
  publisher = {Springer Berlin Heidelberg},
  location  = {Dakar, Senegal},
}

@InProceedings{dependent-f-star,
  author    = {Swamy, Nikhil and Hri\c{t}cu, C\u{a}t\u{a}lin and Keller, Chantal and Rastogi, Aseem and Delignat-Lavaud, Antoine and Forest, Simon and Bhargavan, Karthikeyan and Fournet, C{\'e}dric and Strub, Pierre-Yves and Kohlweiss, Markulf and Zinzindohoue, Jean-Karim and Zanella-B{\'e}guelin, Santiago},
  title     = {Dependent Types and Multi-monadic Effects in {F${}^\star$}},
  booktitle = {Proceedings of the 43rd Annual ACM SIGPLAN-SIGACT Symposium on Principles of Programming Languages},
  year      = {2016},
  series    = {POPL '16},
  publisher = {ACM},
  location  = {St. Petersburg, FL, USA},
}

@InProceedings{icc-star,
  author    = {Barras, Bruno and Bernardo, Bruno},
  title     = {The Implicit Calculus of Constructions as a Programming Language with Dependent Types},
  booktitle = {Foundations of Software Science and Computational Structures},
  year      = {2008},
  editor    = {Amadio, Roberto},
  series    = {FOSSACS 2008},
  pages     = {365--379},
  address   = {Budapest, Hungary},
  publisher = {Springer Berlin Heidelberg},
}

@InProceedings{combining-proofs-and-programs,
  author    = {Casinghino, Chris and Sj\"{o}berg, Vilhelm and Weirich, Stephanie},
  title     = {Combining Proofs and Programs in a Dependently Typed Language},
  booktitle = {Proceedings of the 41st ACM SIGPLAN-SIGACT Symposium on Principles of Programming Languages},
  year      = {2014},
  series    = {POPL '14},
  publisher = {ACM},
  location  = {San Diego, California, USA},
}

@InProceedings{programming-up-to-congruence,
  author    = {Sj\"{o}berg, Vilhelm and Weirich, Stephanie},
  title     = {Programming Up to Congruence},
  booktitle = {Proceedings of the 42Nd Annual ACM SIGPLAN-SIGACT Symposium on Principles of Programming Languages},
  year      = {2015},
  series    = {POPL '15},
  publisher = {ACM},
  location  = {Mumbai, India},
}

@PhdThesis{xi-thesis,
  author = {Xi, Hongwei},
  title  = {Dependent Types in Practical Programming},
  school = {Carnegie Mellon University},
  year   = {1998},
}

@Comment{jabref-meta: databaseType:bibtex;}
